@article{Seninge2021,
    author = {Lucas Seninge and Ioannis Anastopoulos and Hongxu Ding and Joshua Stuart},
    title = {VEGA is an interpretable generative model for inferring biological network activity in single-cell transcriptomics},
    journal = {Nature Communications},
    volume = {12},
    pages = {5684},
    year = {2021},
    doi = {10.1038/s41467-021-26017-0}
}

@article{Kang2018,
    author = {{Hyun Min} Kang and Meena Subramaniam and Sasha Targ and Michelle Nguyen and Lenka Maliskova and Elizabeth McCarthy and Eunice Wan and Simon Wong and Lauren Byrnes and {Cristina M} Lanata and {Rachel E} Gate and Sara Mostafavi and Alexander Marson and Noah Zaitlen and {Lindsey A} Criswell and {Chun Jimmie} Ye},
    title = {Multiplexed droplet single-cell RNA-sequencing using natural genetic variation},
    journal = {Nature Biotechnology},
    volume = {36},
    number = {1},
    pages = {89–94},
    year = {2018},
    doi = {10.1038/nbt.4042}
}

@article{Jansky2021,
    author = {Selina Jansky and {Ashwini Kumar} Sharma and Verena Körber and Andrés Quintero and {Umut H.} Toprak and {Elisa M.} Wecht and Moritz Gartlgruber and Alessandro Greco and Elad Chomsky and {Thomas G. P.} Grünewald and Kai-Oliver Henrich and Amos Tanay and Carl Herrmann and Thomas Höfer and Frank Westermann},
    title = {Single-cell transcriptomic analyses provide insights into the developmental origins of neuroblastoma},
    journal = {Nature Genetics},
    volume = {53},
    pages = {683–693},
    year = {2021},
    doi = {10.1038/s41588-021-00806-1}
}

@article{Wolf2018,
    author = {{F. Alexander} Wolf and Philipp Angerer and {Fabian J.} Theis},
    title = {SCANPY: large-scale single-cell gene expression data analysis},
    journal = {Genome Biology},
    volume = {19},
    pages = {15},
    year = {2018},
    doi = {10.1186/s13059-017-1382-0}
}

@article{Virshup2021,
    author = {Isaac Virshup and Sergei Rybakov and {Fabian J.} Theis and Philipp Angerer and {F. Alexander} Wolf},
    title = {anndata: Annotated data},
    journal = {Journal of Open Source Software},
    year = {2021},
    doi = {10.1101/2021.12.16.473007}
}

@article{Jassal2020,
    author = {Bijay Jassal and Lisa Matthews and Guilherme Viteri and Chuqiao Gong and Pascual Lorente and Antonio Fabregat and Konstantinos Sidiropoulos and Justin Cook and Marc Gillespie and Robin Haw and Fred Loney and Bruce May and Marija Milacic and Karen Rothfels and Cristoffer Sevilla and Veronica Shamovsky and Solomon Shorser and Thawfeek Varusai and Joel Weiser and Guanming Wu and Lincoln Stein and Henning Hermjakob and Peter D'Eustachio},
    title = {The reactome pathway knowledgebase},
    journal = {Nucleic Acids Research},
    volume = {48(D1)},
    pages = {D498–D503},
    year = {2020},
    doi = {10.1093/nar/gkz1031}
}

@article{McInnes2020,
    author = {Leland McInnes and John Healy and James Melville},
    title = {UMAP: Uniform Manifold Approximation and Projection for Dimension Reduction},
    journal = {Preprint at arXiv},
    year = {2020},
    doi = {10.48550/arXiv.1802.03426}
}

@article{Mazewski2020,
    author = {Candice Mazewski and {Ricardo E.} Perez and {Eleanor N.} Fish and {Leonidas C.} Platanias},
    title = {Type I Interferon (IFN)-Regulated Activation of Canonical and Non-Canonical Signaling Pathways},
    journal = {Frontiers in Immunology},
    volume = {11},
    pages = {606456},
    year = {2020},
    doi = {10.3389/fimmu.2020.606456}
}

@article{Lopez2018,
    author = {Romain Lopez and Jeffrey Regier and {Michael B.} Cole and {Michael I.} Jordan and Nir Yosef},
    title = {Deep generative modeling for single-cell transcriptomics},
    journal = {Nature Methods},
    volume = {15},
    pages = {1053–1058},
    year = {2018},
    doi = {10.1038/s41592-018-0229-2}
}

@article{Kass1995,
    author = {{Robert E.} Kass and {Adrian E.} Raftery},
    title = {Bayes Factors},
    journal = {Journal of the American Statistical Association},
    volume = {90},
    issue = {430},
    pages = {773-795},
    year = {1995},
    doi = {10.2307/2291091}
}

@article{Held2018,
    author = {Held, Leonhard and Ott, Manuela},
    title = {On p-Values and Bayes Factors},
    journal = {Annual Review of Statistics and Its Application},
    volume = {5},
    number = {1},
    pages = {393-419},
    year = {2018},
    doi = {10.1146/annurev-statistics-031017-100307}
}

@article{Virtanen2020,
    author = {Virtanen, Pauli and Gommers, Ralf and Oliphant, Travis E. and Haberland, Matt and Reddy, Tyler and Cournapeau, David and Burovski, Evgeni and Peterson, Pearu and Weckesser, Warren and Bright, Jonathan and {van der Walt}, St{\'e}fan J. and Brett, Matthew and Wilson, Joshua and Millman, K. Jarrod and Mayorov, Nikolay and Nelson, Andrew R. J. and Jones, Eric and Kern, Robert and Larson, Eric and Carey, C J and Polat, {\.I}lhan and Feng, Yu and Moore, Eric W. and {VanderPlas}, Jake and Laxalde, Denis and Perktold, Josef and Cimrman, Robert and Henriksen, Ian and Quintero, E. A. and Harris, Charles R. and Archibald, Anne M. and Ribeiro, Ant{\^o}nio H. and Pedregosa, Fabian and {van Mulbregt}, Paul and {SciPy 1.0 Contributors}},
    title = {{{SciPy} 1.0: Fundamental Algorithms for Scientific Computing in Python}},
    journal = {Nature Methods},
    volume = {17},
    pages = {261-272},
    year = {2020},
    doi = {10.1038/s41592-019-0686-2}
}

@article{Aibar2017,
    author = {Sara Aibar and {Carmen Bravo} González-Blas and Thomas Moerman and {Vân Anh} Huynh-Thu and Hana Imrichova and Gert Hulselmans and Florian Rambow and Jean-Christophe Marine and Pierre Geurts and Jan Aerts and {Joost van den} Oord and {Zeynep Kalender} Atak and Jasper Wouters and Stein Aerts},
    title = {SCENIC: single-cell regulatory network inference and clustering},
    journal = {Nature Methods},
    volume = {14},
    pages = {1083–1086},
    year = {2017},
    doi = {10.1038/nmeth.4463}
}

@article{Stuart2019,
    author = {Tim Stuart and Andrew Butler and Paul Hoffman and Christoph Hafemeister and Efthymia Papalexi and {William M. Mauck} III and Yuhan Hao and Marlon Stoeckius and Peter Smibert and Rahul Satija},
    title = {Comprehensive Integration of Single-Cell Data},
    journal = {Cell},
    volume = {177},
    issue = {7},
    pages = {1888–1902.E21},
    year = {2019},
    doi = {10.1016/j.cell.2019.05.031}
}

@article{Hao2021,
    author = {Yuhan Hao and Stephanie Hao and Erica Andersen-Nissen and {William M.} Mauck and Shiwei Zheng and Andrew Butler and {Maddie J.} Lee and {Aaron J.} Wilk and Charlotte Darby and Michael Zager and Paul Hoffman and Marlon Stoeckius and Efthymia Papalexi and {Eleni P.} Mimitou and Jaison Jain and Avi Srivastava and Tim Stuart and {Lamar M.} Fleming and Bertrand Yeung and {Angela J.} Rogers and {Juliana M.} McElrath and {Catherine A.} Blish and Raphael Gottardo and Peter Smibert and Rahul Satija},
    title = {Integrated analysis of multimodal single-cell data},
    journal = {Cell},
    volume = {184},
    issue = {13},
    pages = {3573-3587.e29},
    year = {2021},
    doi = {10.1016/j.cell.2021.04.048}
}

@misc{Kiselev2020,
    author = {Vladimir Kiselev and Ni Huang},
    title = {A package to help convert different single-cell data formats to each other},
    year = {2020},
    url = {https://github.com/cellgeni/sceasy},
}

@article{Rybakov2020,
	author = {Rybakov, Sergei and Lotfollahi, Mohammad and Theis, Fabian J. and Wolf, F. Alexander},
	title = {Learning interpretable latent autoencoder representations with annotations of feature sets},
    journal = {bioRxiv},
	year = {2020},
	doi = {10.1101/2020.12.02.401182}
}

@article{Lotfollahi2022,
	author = {Lotfollahi, Mohammad and Rybakov, Sergei and Hrovatin, Karin and Hediyeh-zadeh, Soroor and Talavera-L{\'o}pez, Carlos and Misharin, Alexander V and Theis, Fabian J.},
	title = {Biologically informed deep learning to infer gene program activity in single cells},
    journal = {bioRxiv},
	year = {2022},
	doi = {10.1101/2022.02.05.479217}
}

@article{Parikh2014,
	author = {Neal Parikh and Stephen Boyd},
	title = {Proximal Algorithms},
    journal = {Foundations and Trends in Optimization},
    volume = {1},
    issue = {3},
    pages = {127-239},
	year = {2014},
	doi = {10.1561/2400000003}
}

@inproceedings{Ng2004,
    author = {Ng, Andrew Y.},
    title = {Feature Selection, L1 vs. L2 Regularization, and Rotational Invariance},
    year = {2004},
    isbn = {1581138385},
    publisher = {Association for Computing Machinery},
    address = {New York, NY, USA},
    url = {https://doi.org/10.1145/1015330.1015435},
    doi = {10.1145/1015330.1015435},
    booktitle = {Proceedings of the Twenty-First International Conference on Machine Learning},
    pages = {78},
    location = {Banff, Alberta, Canada},
    series = {ICML '04}
}

@article{ENCODE2004,
	author = {ENCODE Project Consortium},
	title = {The ENCODE (ENCyclopedia Of DNA Elements) Project},
    journal = {Science},
    volume = {306},
    issue = {5696},
    pages = {636-40},
	year = {2004},
	doi = {10.1126/science.1105136}
}

@article{ENCODE2011,
	author = {ENCODE Project Consortium},
	title = {A user's guide to the encyclopedia of DNA elements (ENCODE)},
    journal = {PLOS Biology},
    volume = {9},
    issue = {4},
    pages = {e1001046},
	year = {2011},
	doi = {10.1371/journal.pbio.1001046}
}

@article{Rouillard2016,
	author = {{Andrew D.} Rouillard and {Gregory W.} Gundersen and {Nicolas F.} Fernandez and Zichen Wang and {Caroline D.} Monteiro and {Michael G.} McDermott and Avi Ma’ayan},
	title = {The harmonizome: a collection of processed datasets gathered to serve and mine knowledge about genes and proteins},
    journal = {Database},
    volume = {2016},
    note = {baw100},
	year = {2016},
	doi = {10.1093/database/baw100}
}

@article{Feng2020,
	author = {Chenchen Feng and Chao Song and Yuejuan Liu and Fengcui Qian and Yu Gao and Ziyu Ning and Qiuyu Wang and Yong Jiang and Yanyu Li and Meng Li and Jiaxin Chen and Jian Zhang and Chunquan Li},
	title = {KnockTF: a comprehensive human gene expression profile database with knockdown/knockout of transcription factors},
    journal = {Nucleic Acids Research},
    volume = {48},
    issue = {D1},
    pages = {D93-D100},
	year = {2020},
	doi = {10.1093/nar/gkz881}
}

@article{Lachmann2010,
	author = {Alexander Lachmann and Huilei Xu and Jayanth Krishnan and {Seth I} Berger and {Amin R} Mazloom and Avi Ma’ayan},
	title = {ChEA: transcription factor regulation inferred from integrating genome-wide ChIP-X experiments},
    journal = {Bioinformatics},
    volume = {26},
    issue = {19},
    pages = {2438-44},
	year = {2010},
	doi = {10.1093/bioinformatics/btq466}
}

@article{Quintero2020,
	author = {Andres Quintero and Daniel Hübschmann and Nils Kurzawa and Sebastian Steinhauser and Philipp Rentzsch and Stephen Krämer and Carolin Andresen and Jeongbin Park and Roland Eils and
    Matthias Schlesner and Carl Herrmann},
	title = {ShinyButchR: Interactive NMF-based decomposition workflow of genome-scale datasets},
    journal = {Biology Methods and Protocols},
    pages = {1-7},
	year = {2020},
	doi = {10.1093/biomethods/bpaa022}
}

@misc{math2021,
  author = {math et al},
  title = {Naive Monte Carlo Integration + R Demo},
  howpublished = {\url{https://www.youtube.com/watch?v=S11p4KAHdcQ}},
  month = {Oct},
  day = {26},
  year = {2021}
}

@article{Kingma2019,
	author = {{Diederik P.} Kingma and Max Welling},
	title = {An Introduction to Variational Autoencoders},
    journal = {Foundations and Trends® in Machine Learning},
    pages = {1–18},
	year = {2019},
	doi = {10.1561/2200000056}
}

@article{Gillespie2022,
	author = {Marc Gillespie and Bijay Jassal and Ralf Stephan and Marija Milacic and Karen Rothfels and Andrea Senff-Ribeiro and Johannes Griss and Cristoffer Sevilla and Lisa Matthews and Chuqiao Gong and Chuan Deng and Thawfeek Varusai and Eliot Ragueneau and Yusra Haider and Bruce May and Veronica Shamovsky and Joel Weiser and Timothy Brunson and Nasim Sanati and Liam Beckman and Xiang Shao and Antonio Fabregat and Konstantinos Sidiropoulos and Julieth Murillo and Guilherme Viteri and Justin Cook and Solomon Shorser and Gary Bader and Emek Demir and Chris Sander and Robin Haw and Guanming Wu and Lincoln Stein and Henning Hermjakob and Peter D’Eustachio},
	title = {The reactome pathway knowledgebase 2022},
    journal = {Nucleic Acids Research},
    volume = {50},
    issue = {D1},
    pages = {D687–D692},
	year = {2022},
	doi = {10.1093/nar/gkab1028}
}


@article{Liberzon2015,
	author = {Arthur Liberzon and Chet Birger and Helga Thorvaldsdóttir and Mahmoud Ghandi and {Jill P.} Mesirov and Pablo Tamayo},
	title = {The Molecular Signatures Database (MSigDB) hallmark gene set collection},
    journal = {Cell Systems},
    volume = {1},
    issue = {6},
    pages = {417–425},
	year = {2015},
	doi = {10.1016/j.cels.2015.12.004}
}

@article{Margolin2006,
	author = {{Adam A} Margolin and Ilya Nemenman and Katia Basso and Chris Wiggins and Gustavo Stolovitzky and {Riccardo Dalla} Favera and Andrea Califano},
	title = {ARACNE: An Algorithm for the Reconstruction of Gene Regulatory Networks in a Mammalian Cellular Context},
    journal = {BMC Bioinformatics},
    volume = {7},
    pages = {S7},
	year = {2006},
	doi = {10.1186/1471-2105-7-S1-S7}
}

@article{Garcia-Alonso2019,
  author = {Luz Garcia-Alonso and {Christian H.} Holland and {Mahmoud M.} Ibrahim and Denes Turei and Julio Saez-Rodriguez},
  title = {Benchmark and integration of resources for the estimation of human transcription factor activities},
  journal = {Genome Research},
  volume = {29},
  pages = {1363–1375},
  year = {2019},
  doi = {10.1101/gr.240663.118}
}

@article{Lotfollahi2019,
  author = {Mohammad Lotfollahi and {F. Alexander} Wolf and {Fabian J.} Theis},
  title = {scGen predicts single-cell perturbation responses},
  journal = {Nature Methods},
  volume = {16},
  pages = {715–721},
  year = {2019},
  doi = {10.1038/s41592-019-0494-8}
}

@inproceedings{Kingma2014,
  author = {Kingma, Diederik P. and Welling, Max},
  booktitle = {2nd International Conference on Learning Representations, {ICLR} 2014, Banff, AB, Canada, April 14-16, 2014, Conference Track Proceedings},
  eprint = {http://arxiv.org/abs/1312.6114v10},
  eprinttype = {arXiv},
  title = {{Auto-Encoding Variational Bayes}},
  year = {2014}
}

@misc{Rocca2019,
  author = {Joseph Rocca and Baptiste Rocca},
  title = {Understanding Variational Autoencoders (VAEs)},
  year = {2019},
  month = {Sep},
  url = {https://towardsdatascience.com/understanding-variational-autoencoders-vaes-f70510919f73}
}

@article{Korsunsky2019,
  author = {Ilya Korsunsky and Nghia Millard and Jean Fan and Kamil Slowikowski and Fan Zhang and Kevin Wei and Yuriy Baglaenko and Michael Brenner and Po-ru Loh and Soumya Raychaudhuri},
  title = {Fast, sensitive and accurate integration of single-cell data with Harmony},
  journal = {Nature Methods},
  volume = {16},
  pages = {1289–1296},
  year = {2019},
  doi = {10.1038/s41592-019-0619-0}
}

@Inbook{Joyce2011,
author= {Joyce, James M.},
title= {Kullback-Leibler Divergence},
bookTitle= {International Encyclopedia of Statistical Science},
year= {2011},
publisher= {Springer Berlin Heidelberg},
address= {Berlin, Heidelberg},
pages= {720-722},
isbn= {978-3-642-04898-2},
doi= {10.1007/978-3-642-04898-2_327},
url= {https://doi.org/10.1007/978-3-642-04898-2_327}
}

@misc{Insights2018,
  author = {Arxiv Insights},
  title = {Variational Autoencoders},
  howpublished = {\url{https://www.youtube.com/watch?v=9zKuYvjFFS8&t=520s}},
  month = {Feb},
  day = {25},
  year = {2018}
}

@misc{Cumer2020,
  author = {Victor Cumer},
  title = {The basics of Monte Carlo integration},
  year = {2020},
  month = {Oct},
  url = {https://towardsdatascience.com/the-basics-of-monte-carlo-integration-5fe16b40482d}
}

@article{Haque2017,
  author = {Ashraful Haque and Jessica Engel and {Sarah A.} Teichmann and Tapio Lönnberg},
  title = {A practical guide to single-cell RNA-sequencing for biomedical research and clinical applications},
  journal = {Genome Medicine},
  volume = {9},
  pages = {75},
  year = {2017},
  doi = {10.1186/s13073-017-0467-4}
}

@article{Tirosh2016,
  author = {Itay Tirosh and Benjamin Izar and {Sanjay M} Prakadan and {Marc H} Wadsworth 2nd and Daniel Treacy and {John J} Trombetta and Asaf Rotem and Christopher Rodman and Christine Lian and George Murphy and Mohammad Fallahi-Sichani and Ken Dutton-Regester and Jia-Ren Lin and Ofir Cohen and Parin Shah and Diana Lu and {Alex S} Genshaft and {Travis K} Hughes and {Carly G K} Ziegler and {Samuel W} Kazer and Aleth Gaillard and {Kellie E} Kolb and Alexandra-Chloé Villani and {Cory M} Johannessen and {Aleksandr Y} Andreev and {Eliezer M Van} Allen and Monica Bertagnolli and {Peter K} Sorger and {Ryan J} Sullivan and {Keith T} Flaherty and {Dennie T} Frederick and Judit Jané-Valbuena and {Charles H} Yoon and Orit Rozenblatt-Rosen and {Alex K} Shalek and Aviv Regev and {Levi A} Garraway},
  title = {Dissecting the multicellular ecosystem of metastatic melanoma by single-cell RNA-seq},
  journal = {Science},
  volume = {352},
  issue = {6282},
  pages = {189-96},
  year = {2016},
  doi = {10.1126/science.aad0501}
}

@article{Stubbington2016,
  author = {{Michael J T} Stubbington and Tapio Lönnberg and Valentina Proserpio and Simon Clare and {Anneliese O} Speak and Gordon Dougan and {Sarah A} Teichmann},
  title = {T cell fate and clonality inference from single-cell transcriptomes},
  journal = {Nature Methods},
  volume = {13},
  pages = {329–332},
  year = {2016},
  doi = {10.1038/nmeth.3800}
}

@article{Ran2020,
  author = {Di Ran and Shanshan Zhang and Nicholas Lytal and Lingling An},
  title = {scDoc: correcting drop-out events in single-cell RNA-seq data},
  journal = {Bioinformatics},
  volume = {36},
  issue = {15},
  pages = {4233-4239},
  year = {2020},
  doi = {10.1093/bioinformatics/btaa283}
}

@article{Tran2020,
  author = {{Hoa Thi Nhu} Tran and {Kok Siong} Ang and Marion Chevrier and Xiaomeng Zhang and {Nicole Yee Shin} Lee and Michelle Goh and Jinmiao Chen},
  title = {A benchmark of batch-effect correction methods for single-cell RNA sequencing data},
  journal = {Genome Biology},
  volume = {21},
  pages = {12},
  year = {2020},
  doi = {10.1186/s13059-019-1850-9}
}

@article{Liu2016,
  author = {Serena Liu and Cole Trapnell},
  title = {Single-cell transcriptome sequencing: recent advances and remaining challenges [version 1; peer review: 2 approved]},
  journal = {F1000Research},
  volume = {5(F1000 Faculty Rev)},
  pages = {182},
  year = {2016},
  doi = {10.12688/f1000research.7223.1}
}

@article{Kolodziejczyk2015,
  author = {{Aleksandra A.} Kolodziejczyk and {Jong Kyoung} Kim and Valentine Svensson and {John C.} Marioni and {Sarah A.} Teichmann},
  title = {The Technology and Biology of Single-Cell RNA Sequencing},
  journal = {Molecular Cell},
  volume = {58},
  issue = {4},
  pages = {610-620},
  year = {2015},
  doi = {10.1016/j.molcel.2015.04.005}
}

@article{Emrich2007,
  author = {{Scott J} Emrich and {W Brad} Barbazuk and Li Li and {Patrick S} Schnable},
  title = {Gene discovery and annotation using LCM-454 transcriptome sequencing},
  journal = {Genome Research},
  volume = {17},
  issue = {1},
  pages = {69-73},
  year = {2007},
  doi = {10.1101/gr.5145806}
}

@misc{Kleut2020,
  author = {{Alexander Van de} Kleut},
  title = {Variational AutoEncoders (VAE) with PyTorch},
  year = {2020},
  month = {May},
  url = {https://avandekleut.github.io/vae/}
}

@article{Ma2018,
  author = {Jianzhu Ma and {Michael Ku} Yu and Samson Fong and Keiichiro Ono and Eric Sage and Barry Demchak and Roded Sharan and Trey Ideker},
  title = {Using deep learning to model the hierarchical structure and function of a cell},
  journal = {Nature Methods},
  volume = {15},
  pages = {290–298},
  year = {2018},
  doi = {10.1038/nmeth.4627}
}

@article{Hinton2006,
  author = {{G E} Hinton and {R R} Salakhutdinov},
  title = {Reducing the Dimensionality of Data with Neural Networks},
  journal = {Science},
  volume = {313},
  issue = {5786},
  pages = {504-507},
  year = {2006},
  doi = {10.1126/science.1127647}
}

@article{Wang2018,
  author = {Dongfang Wang and Jin Gu},
  title = {VASC: Dimension Reduction and Visualization of Single-cell RNA-seq Data by Deep Variational Autoencoder},
  journal = {Genomics, Proteomics and Bioinformatics},
  volume = {16},
  issue = {5},
  pages = {320-331},
  year = {2018},
  doi = {10.1016/j.gpb.2018.08.003}
}

@article{Geddes2019,
  author = {{Thomas A.} Geddes and Taiyun Kim and Lihao Nan and {James G.} Burchfield and {Jean Y. H.} Yang and Dacheng Tao and Pengyi Yang},
  title = {Autoencoder-based cluster ensembles for single-cell RNA-seq data analysis},
  journal = {BMC Bioinformatics},
  volume = {20},
  pages = {660},
  year = {2019},
  doi = {10.1186/s12859-019-3179-5}
}

@article{Eraslan2019,
  author = {Gökcen Eraslan and {Lukas M.} Simon and Maria Mircea and {Nikola S.} Mueller and {Fabian J.} Theis},
  title = {Single-cell RNA-seq denoising using a deep count autoencoder},
  journal = {Nature Communications},
  volume = {10},
  pages = {390},
  year = {2019},
  doi = {10.1038/s41467-018-07931-2}
}

@article{Jolliffe2016,
  author = {{Ian T.} Jolliffe and Jorge Cadima},
  title = {Principal component analysis: a review and recent developments},
  journal = {Phil. Trans. R. Soc.},
  volume = {374},
  pages = {20150202},
  year = {2016},
  doi = {10.1098/rsta.2015.0202}
}

@article{Buettner2017,
  author = {Florian Buettner and Naruemon Pratanwanich and {Davis J.} McCarthy and {John C.} Marioni and Oliver Stegle},
  title = {f-scLVM: scalable and versatile factor analysis for single-cell RNA-seq},
  journal = {Genome Biology},
  volume = {18},
  pages = {212},
  year = {2017},
  doi = {10.1186/s13059-017-1334-8}
}

@article{Svensson2020,
  author = {Valentine Svensson and Adam Gayoso and Nir Yosef and Lior Pachter},
  title = {Interpretable factor models of single-cell RNA-seq via variational autoencoders},
  journal = {Bioinformatics},
  volume = {36},
  issn = {11},
  pages = {3418–3421},
  year = {2020},
  doi = {10.1093/bioinformatics/btaa169}
}

@book{10.5555/1593511, 
 author = {Van Rossum, Guido and Drake, Fred L.}, 
 title = {Python 3 Reference Manual}, 
 year = {2009}, 
 isbn = {1441412697}, 
 publisher = {CreateSpace}, 
 address = {Scotts Valley, CA} 
}

@Manual{R2020,
    title = {R: A Language and Environment for Statistical Computing},
    author = {{R Core Team}},
    organization = {R Foundation for Statistical Computing},
    address = {Vienna, Austria},
    year = {2020},
    url = {https://www.R-project.org/}
}

@incollection{NEURIPS2019_9015,
title = {PyTorch: An Imperative Style, High-Performance Deep Learning Library},
author = {Paszke, Adam and Gross, Sam and Massa, Francisco and Lerer, Adam and Bradbury, James and Chanan, Gregory and Killeen, Trevor and Lin, Zeming and Gimelshein, Natalia and Antiga, Luca and Desmaison, Alban and Kopf, Andreas and Yang, Edward and DeVito, Zachary and Raison, Martin and Tejani, Alykhan and Chilamkurthy, Sasank and Steiner, Benoit and Fang, Lu and Bai, Junjie and Chintala, Soumith},
booktitle = {Advances in Neural Information Processing Systems 32},
editor = {H. Wallach and H. Larochelle and A. Beygelzimer and F. d\textquotesingle Alch\'{e}-Buc and E. Fox and R. Garnett},
pages = {8024--8035},
year = {2019},
publisher = {Curran Associates, Inc.},
url = {http://papers.neurips.cc/paper/9015-pytorch-an-imperative-style-high-performance-deep-learning-library.pdf}
}

@article{         harris2020array,
 title         = {Array programming with {NumPy}},
 author        = {Charles R. Harris and K. Jarrod Millman and St{\'{e}}fan J.
                 van der Walt and Ralf Gommers and Pauli Virtanen and David
                 Cournapeau and Eric Wieser and Julian Taylor and Sebastian
                 Berg and Nathaniel J. Smith and Robert Kern and Matti Picus
                 and Stephan Hoyer and Marten H. van Kerkwijk and Matthew
                 Brett and Allan Haldane and Jaime Fern{\'{a}}ndez del
                 R{\'{i}}o and Mark Wiebe and Pearu Peterson and Pierre
                 G{\'{e}}rard-Marchant and Kevin Sheppard and Tyler Reddy and
                 Warren Weckesser and Hameer Abbasi and Christoph Gohlke and
                 Travis E. Oliphant},
 year          = {2020},
 month         = sep,
 journal       = {Nature},
 volume        = {585},
 number        = {7825},
 pages         = {357--362},
 doi           = {10.1038/s41586-020-2649-2},
 publisher     = {Springer Science and Business Media {LLC}},
 url           = {https://doi.org/10.1038/s41586-020-2649-2}
}

@software{reback2021pandas,
    author       = {Jeff Reback and jbrockmendel and Wes McKinney and Joris Van den Bossche and Tom Augspurger and Phillip Cloud and Simon Hawkins and gfyoung and Matthew Roeschke and Sinhrks and Adam Klein and Terji Petersen and Jeff Tratner and Chang She and William Ayd and Patrick Hoefler and Shahar Naveh and Marc Garcia and Jeremy Schendel and Andy Hayden and Daniel Saxton and JHM Darbyshire and Richard Shadrach and Marco Edward Gorelli and Fangchen Li and Vytautas Jancauskas and Ali McMaster and Matthew Zeitlin and Pietro Battiston and Skipper Seabold},
    title        = {pandas-dev/pandas: Pandas 1.3.3},
    month        = Sep,
    year         = 2021,
    publisher    = {Zenodo},
    version      = {v1.3.3},
    doi          = {10.5281/zenodo.5501881},
    url          = {https://doi.org/10.5281/zenodo.5501881}
}

@InProceedings{ mckinney-proc-scipy-2010,
  author    = { {W}es {M}c{K}inney },
  title     = { {D}ata {S}tructures for {S}tatistical {C}omputing in {P}ython },
  booktitle = { {P}roceedings of the 9th {P}ython in {S}cience {C}onference },
  pages     = { 56 - 61 },
  year      = { 2010 },
  editor    = { {S}t\'efan van der {W}alt and {J}arrod {M}illman },
  doi       = { 10.25080/Majora-92bf1922-00a }
}

@article{Hunter:2007,
  Author    = {Hunter, J. D.},
  Title     = {Matplotlib: A 2D graphics environment},
  Journal   = {Computing in Science \& Engineering},
  Volume    = {9},
  Number    = {3},
  Pages     = {90--95},
  abstract  = {Matplotlib is a 2D graphics package used for Python for
  application development, interactive scripting, and publication-quality
  image generation across user interfaces and operating systems.},
  publisher = {IEEE COMPUTER SOC},
  doi       = {10.1109/MCSE.2007.55},
  year      = 2007
}

@article{Waskom2021,
    doi = {10.21105/joss.03021},
    url = {https://doi.org/10.21105/joss.03021},
    year = {2021},
    publisher = {The Open Journal},
    volume = {6},
    number = {60},
    pages = {3021},
    author = {Michael L. Waskom},
    title = {seaborn: statistical data visualization},
    journal = {Journal of Open Source Software}
 }

 @article{Gayoso2022,
         author={Gayoso, Adam and Lopez, Romain and Xing, Galen and Boyeau, Pierre and Valiollah Pour Amiri, Valeh and Hong, Justin and Wu, Katherine and Jayasuriya, Michael and   Mehlman, Edouard and Langevin, Maxime and Liu, Yining and Samaran, Jules and Misrachi, Gabriel and Nazaret, Achille and Clivio, Oscar and Xu, Chenling and Ashuach, Tal and Gabitto, Mariano and Lotfollahi, Mohammad and Svensson, Valentine and da Veiga Beltrame, Eduardo and Kleshchevnikov, Vitalii and Talavera-L{\'o}pez, Carlos and Pachter, Lior and Theis, Fabian J. and Streets, Aaron and Jordan, Michael I. and Regier, Jeffrey and Yosef, Nir},
         title={A Python library for probabilistic analysis of single-cell omics data},
         journal={Nature Biotechnology},
         year={2022},
         month={Feb},
         day={07},
         issn={1546-1696},
         doi={10.1038/s41587-021-01206-w},
         url={https://doi.org/10.1038/s41587-021-01206-w}
}

@software{neptune2020,
author = {{neptune.ai}},
title = {Neptune: experiment management and
collaboration tool},
url = {https://neptune.ai},
year = {2020}
}
