@article{Ma2018,
    author = {Jianzhu Ma and {Michael Ku} Yu and Samson Fong and Keiichiro Ono and Eric Sage and Barry Demchak and Roded Sharan and Trey Ideker},
    title = {Using deep learning to model the hierarchical structure and function of a cell},
    journal = {Nature Methods},
    volume = {15},
    pages = {290-298},
    year = {2018},
    doi = {10.1038/nmeth.4627}
}

@article{Seninge2021,
    author = {Lucas Seninge and Ioannis Anastopoulos and Hongxu Ding and Joshua Stuart},
    title = {VEGA is an interpretable generative model for inferring biological network activity in single-cell transcriptomics},
    journal = {Nature Communications},
    volume = {12},
    pages = {5684},
    year = {2021},
    doi = {10.1038/s41467-021-26017-0}
}

@article{Kingma2014,
    author = {{Diederik P.} Kingma and Max Welling},
    title = {Auto-Encoding Variational Bayes},
    journal = {International Conference on Learning Representations (ICLR)},
    year = {2014},
    url = {https://arxiv.org/abs/1312.6114}
}

@article{Hinton2006,
    author = {{G. E.} Hinton and {R. R.} Salakhutdinov},
    title = {Reducing the Dimensionality of Data with Neural Networks},
    journal = {Science},
    volume = {313},
    issue = {5786},
    pages = {504–507},
    year = {2006},
    doi = {10.1126/science.1127647}
}

@article{Jansky2021,
    author = {Selina Jansky and {Ashwini Kumar} Sharma and Verena Körber and Andrés Quintero and {Umut H.} Toprak and {Elisa M.} Wecht and Moritz Gartlgruber and Alessandro Greco and Elad Chomsky and {Thomas G. P.} Grünewald and Kai-Oliver Henrich and Amos Tanay and Carl Herrmann and Thomas Höfer and Frank Westermann},
    title = {Single-cell transcriptomic analyses provide insights into the developmental origins of neuroblastoma},
    journal = {Nature Genetics},
    volume = {53},
    pages = {683–693},
    year = {2021},
    doi = {10.1038/s41588-021-00806-1}
}

@inproceedings{paszke2017,
    author={Paszke, Adam and Gross, Sam and Chintala, Soumith and Chanan, Gregory and Yang, Edward and DeVito, Zachary and Lin, Zeming and Desmaison, Alban and Antiga, Luca and Lerer, Adam},
    title={Automatic differentiation in PyTorch},
    booktitle={NIPS-W},
    year={2017}
}

@article{Wolf2018,
    author = {{F. Alexander} Wolf and Philipp Angerer and {Fabian J.} Theis},
    title = {SCANPY: large-scale single-cell gene expression data analysis},
    journal = {Genome Biology},
    volume = {19},
    pages = {15},
    year = {2018},
    doi = {10.1186/s13059-017-1382-0s}
}
